<?xml version="1.0" encoding="UTF-8"?><collection xmlns="http://www.loc.gov/MARC21/slim"><record><leader>00621nam--2200217-u-4500</leader><controlfield tag="001">000051117</controlfield><controlfield tag="002">20161230</controlfield><controlfield tag="005">20161230201049</controlfield><controlfield tag="008">080520s1000------------r-----000-0-eng-d</controlfield><datafield ind1=" " ind2=" " tag="020"><subfield code="a">3-540-42248-x</subfield></datafield><datafield ind1=" " ind2=" " tag="040"><subfield code="a">IFIN-HH</subfield></datafield><datafield ind1=" " ind2=" " tag="080"><subfield code="a">517.983</subfield></datafield><datafield ind1="1" ind2=" " tag="100"><subfield code="a">Takesaki,Masamichi</subfield></datafield><datafield ind1="1" ind2=" " tag="245"><subfield code="a">Theory of Operator Algebra I . Operator Algebras and Non-Commutative Geometry</subfield></datafield><datafield ind1=" " ind2=" " tag="250"><subfield code="a">Second edition</subfield></datafield><datafield ind1=" " ind2=" " tag="260"><subfield code="a">Berlin</subfield><subfield code="b">Springer - Verlag</subfield><subfield code="c">2002</subfield></datafield><datafield ind1=" " ind2=" " tag="300"><subfield code="a">415 p</subfield></datafield><datafield ind1=" " ind2=" " tag="490"><subfield code="a">Encyclopedia of Mathematical Sciences</subfield><subfield code="v">vol. 124</subfield></datafield><datafield ind1="1" ind2=" " tag="700"><subfield code="a">Masamichi Takesaki</subfield></datafield><datafield ind1=" " ind2=" " tag="852"><subfield code="a">81528</subfield><subfield code="c">512</subfield></datafield><datafield ind1=" " ind2=" " tag="CAT"><subfield code="a">Sys</subfield><subfield code="c">20080520</subfield><subfield code="h">135346</subfield></datafield></record></collection>